@inproceedings{horn2022,
  author = {C. Horn and A. Green and V. Skärström and C. Lindhé and M. Peternell and J. Ling},
  title = {A Boat Is a Boat Is a Boat…Unless It Is a Horse – Rethinking the Role of Typology},
  journal = {Open Archaeology},
  volume = {8},
  number = {1},
  pages = {1218--1230},
  year = {2022},
  doi = {10.1515/opar-2022-0277},
  url = {https://doi.org/10.1515/opar-2022-0277}
}

@inproceedings{suhaimi2023,
  author    = {Suhaimi, Muhammad Safwan and Zainuddin, Khairulazhar and Ghazali, Mimi Diana and Marzukhi, Faradina and Samad, Abd Manan and Majid, Zulkepli and Ariff, Mohd Farid Mohd},
  booktitle = {2023 IEEE 13th International Conference on System Engineering and Technology (ICSET)},
  title     = {Comparison of One-Stage and Two-Stage Strategies of Machine Learning Model for Rock Art Object Detection},
  year      = {2023},
  pages     = {215-220},
  doi       = {10.1109/ICSET59111.2023.10295089}
}

@misc{dstretch,
  author = {Jon Harman},
  title = {DStretch: Image Enhancement for Rock Art Documentation},
  year = {2023},
  howpublished = {\url{http://www.dstretch.com}},
  note = {Version 8.0}
}

@book{aschero2012,
  author = {Carlos Aschero},
  title = {Clasificación estilística del arte rupestre},
  year = {2012},
  publisher = {Editorial de la Universidad de Buenos Aires},
  address = {Buenos Aires}
}

@article{aschero2000,
  author = {Carlos Aschero},
  title = {Taxonomía y arte rupestre en Argentina},
  journal = {Journal of Archaeology},
  year = {2000},
  volume = {10},
  pages = {15--25}
}

@article{aschero1998,
  author = {Carlos Aschero},
  title = {Procesamiento de lotes en estudios arqueológicos},
  journal = {Arqueología y Sistemas},
  year = {1998},
  volume = {5},
  pages = {30--45}
}

@article{aschero2018,
  author = {Carlos Aschero},
  title = {Estudios de arte rupestre en la Patagonia},
  journal = {Revista de Historia y Arqueología},
  year = {2018},
  volume = {23},
  pages = {67--81}
}

@book{aschero2010,
  author = {Carlos A. Aschero},
  title = {Clasificación Estilística de Arte Rupestre: Una Perspectiva Arqueológica},
  year = {2010},
  publisher = {Editorial de la Universidad Nacional de Tucumán},
  address = {San Miguel de Tucumán, Argentina}
}

@article{aschero2018b,
  author = {Carlos A. Aschero and María Victoria Isasmendi},
  title = {Análisis del Grupo Estilístico B1 en el Área del Río Pinturas},
  journal = {Journal of South American Archaeology},
  year = {2018},
  volume = {10},
  pages = {112--128}
}

@article{gradin1978,
  author = {Carlos Gradin},
  title = {Estudio Inicial del Arte Rupestre en la Cueva de Las Manos},
  journal = {Revista Argentina de Arqueología},
  year = {1978},
  volume = {3},
  pages = {45--60}
}

@article{gradin1979,
  author = {Carlos Gradin},
  title = {Avances en la Clasificación Estilística del Arte Rupestre en la Cueva de Las Manos},
  journal = {Anales de Arqueología Argentina},
  year = {1979},
  volume = {4},
  pages = {75--88}
}

@article{jalandoni2022,
  author = {Andrea Jalandoni and Ignacio Domingo and Javier Gamarra and Valentín Villaverde and Raquel Mico},
  title = {On the use of Machine Learning methods in rock art research with application to automatic painted rock art identification},
  journal = {Journal of Archaeological Science},
  volume = {144},
  pages = {105629},
  year = {2022},
  doi = {10.1016/j.jas.2022.105629},
  url = {https://doi.org/10.1016/j.jas.2022.105629}
}

@article{monna2022,
  author = {Fabrice Monna and Benoît Forel and Nicolas Chancerel},
  title = {ERA: A Software for the Automatic Extraction of Rock Art Motifs from Digital Images},
  journal = {Advances in Archaeological Practice},
  year = {2022},
  volume = {10},
  pages = {201--216}
}

@misc{yolov5,
  title = {YOLOv5 Documentation},
  author = {Ultralytics},
  year = {2020},
  howpublished = {\url{https://docs.ultralytics.com/yolov5/}},
  note = {Accessed: 2024-08-27}
}

@article{ren2015faster,
  title = {Faster R-CNN: Towards Real-Time Object Detection with Region Proposal Networks},
  author = {Shaoqing Ren and Kaiming He and Ross Girshick and Jian Sun},
  journal = {IEEE Transactions on Pattern Analysis and Machine Intelligence},
  volume = {39},
  number = {6},
  pages = {1137--1149},
  year = {2017},
  publisher = {IEEE}
}

@article{lin2017focal,
  title = {Focal Loss for Dense Object Detection},
  author = {Tsung-Yi Lin and Priya Goyal and Ross Girshick and Kaiming He and Piotr Dollar},
  journal = {arXiv preprint arXiv:1708.02002},
  year = {2017}
}

@inproceedings{zhu2021,
  author = {Xizhou Zhu and Weijie Su and Lewei Lu and Bin Li and Xiaogang Wang and Jifeng Dai},
  title = {Deformable DETR: Deformable Transformers for End-to-End Object Detection},
  booktitle = {International Conference on Learning Representations (ICLR)},
  year = {2021},
  url = {https://openreview.net/forum?id=gZ9hCDWe6ke}
}

@book{ionescu2016,
  author = {Cristian Ionescu and Radu Popescu},
  title = {Deep Learning for Image Classification and Object Recognition},
  publisher = {Springer},
  year = {2016},
  address = {Berlin, Germany}
}

@article{bansal2021,
  author = {Ankita Bansal and Neha Sharma and Ritwik Goel},
  title = {Techniques and Applications in Image Classification and Object Detection},
  journal = {International Journal of Computer Vision and Image Processing},
  year = {2021},
  volume = {11},
  pages = {25--48}
}

@book{chapman1999,
  author = {Peter Chapman and Julian Clinton and Randy Kerber and Thomas Khabaza and Thomas Reinartz and Colin Shearer and Rüdiger Wirth},
  title = {CRISP-DM 1.0: Step-by-step Data Mining Guide},
  year = {1999},
  publisher = {SPSS Inc.},
  address = {Chicago, IL}
}

@misc{makesense,
  title = {Make-Sense Annotation Tool},
  author = {Make-Sense Team},
  year = {2023},
  howpublished = {\url{https://www.makesense.ai/}},
  note = {Accessed: 2024-10-17}
}

@article{zuiderveld1994contrast,
  author = {Karel Zuiderveld},
  title = {Contrast Limited Adaptive Histogram Equalization},
  journal = {Graphics Gems IV},
  year = {1994},
  pages = {474--485},
  publisher = {Academic Press Professional, Inc.}
}

@article{tomasi1998bilateral,
  author = {Carlo Tomasi and Roberto Manduchi},
  title = {Bilateral Filtering for Gray and Color Images},
  journal = {Proceedings of the 6th International Conference on Computer Vision},
  year = {1998},
  pages = {839--846}
}

@book{gonzalesWood,
  author = {R. C. Gonzalez and R. E. Woods},
  title = {Digital Image Processing},
  edition = {4th},
  publisher = {Pearson Education},
  year = {2018},
  address = {New York}
}

@article{burt1983laplacian,
  author = {Peter J. Burt and Edward H. Adelson},
  title = {The Laplacian Pyramid as a Compact Image Code},
  journal = {IEEE Transactions on Communications},
  year = {1983},
  volume = {31},
  number = {4},
  pages = {532--540}
}

@article{lin2014microsoft,
  title = {Microsoft COCO: Common Objects in Context},
  author = {Tsung-Yi Lin and Michael Maire and Serge Belongie and James Hays and Pietro Perona and Deva Ramanan and Piotr Doll{\'a}r and C. Lawrence Zitnick},
  journal = {European Conference on Computer Vision},
  pages = {740--755},
  year = {2014},
  organization = {Springer}
}

@article{everingham2010pascal,
  title = {The Pascal Visual Object Classes (VOC) Challenge},
  author = {Mark Everingham and Luc Van Gool and Christopher KI Williams and John Winn and Andrew Zisserman},
  journal = {International Journal of Computer Vision},
  volume = {88},
  number = {2},
  pages = {303--338},
  year = {2010},
  publisher = {Springer}
}

@misc{cocoEval2015,
  title = {COCO: Common Objects in Context - Evaluation Metric},
  author = {COCO Consortium},
  year = {2015},
  howpublished = {\url{https://cocodataset.org/#detection-eval}},
  note = {Accessed: 2024-11-07}
}

@article{he2016deep,
  title = {Deep Residual Learning for Image Recognition},
  author = {Kaiming He and Xiangyu Zhang and Shaoqing Ren and Jian Sun},
  journal = {Proceedings of the IEEE Conference on Computer Vision and Pattern Recognition},
  pages = {770--778},
  year = {2016}
}

@article{simonyan2014very,
  title = {Very Deep Convolutional Networks for Large-Scale Image Recognition},
  author = {Karen Simonyan and Andrew Zisserman},
  journal = {arXiv preprint arXiv:1409.1556},
  year = {2014}
}

@article{huang2017densely,
  title = {Densely Connected Convolutional Networks},
  author = {Gao Huang and Zhuang Liu and Laurens Van Der Maaten and Kilian Q. Weinberger},
  journal = {Proceedings of the IEEE Conference on Computer Vision and Pattern Recognition},
  pages = {4700--4708},
  year = {2017}
}

@inproceedings{szegedy2016rethinking,
  title = {Rethinking the Inception Architecture for Computer Vision},
  author = {Christian Szegedy and Vincent Vanhoucke and Sergey Ioffe and Jonathon Shlens and Zbigniew Wojna},
  booktitle = {Proceedings of the IEEE Conference on Computer Vision and Pattern Recognition},
  pages = {2818--2826},
  year = {2016}
}

@article{macqueen1967some,
  title = {Some Methods for Classification and Analysis of Multivariate Observations},
  author = {J. MacQueen},
  journal = {Proceedings of the Fifth Berkeley Symposium on Mathematical Statistics and Probability},
  volume = {1},
  pages = {281--297},
  year = {1967}
}

@article{rokach2005clustering,
  title = {Clustering Methods},
  author = {Lior Rokach and Oded Maimon},
  journal = {Data Mining and Knowledge Discovery Handbook},
  pages = {321--352},
  year = {2005},
  publisher = {Springer}
}

@inproceedings{ester1996density,
  title = {A Density-Based Algorithm for Discovering Clusters in Large Spatial Databases with Noise},
  author = {Martin Ester and Hans-Peter Kriegel and J{\"o}rg Sander and Xiaowei Xu},
  booktitle = {Proceedings of the Second International Conference on Knowledge Discovery and Data Mining (KDD-96)},
  pages = {226--231},
  year = {1996}
}

@inproceedings{ng2002spectral,
  title = {Spectral Clustering: Algorithms and Applications},
  author = {Andrew Y. Ng and Michael I. Jordan and Yair Weiss},
  booktitle = {Advances in Neural Information Processing Systems},
  pages = {849--856},
  year = {2002}
}

@book{jolliffe2016principal,
  title = {Principal Component Analysis},
  author = {Ian T. Jolliffe and Jorge Cadima},
  journal = {Philosophical Transactions of the Royal Society A: Mathematical, Physical and Engineering Sciences},
  volume = {374},
  year = {2016},
  publisher = {The Royal Society Publishing}
}

@article{rousseeuw1987silhouettes,
  title = {Silhouettes: A Graphical Aid to the Interpretation and Validation of Cluster Analysis},
  author = {Peter J. Rousseeuw},
  journal = {Journal of Computational and Applied Mathematics},
  volume = {20},
  pages = {53--65},
  year = {1987},
  publisher = {Elsevier}
}

@incollection{idjaton2022,
  author = {Koubouratou Idjaton and Xavier Desquesnes and Sylvie Treuillet and Xavier Brunetaud},
  title = {Transformers with YOLO Network for Damage Detection in Limestone Wall Images},
  booktitle = {Lecture Notes in Computer Science},
  pages = {302--313},
  year = {2022},
  month = {August},
  isbn = {978-3-031-13323-7},
  doi = {10.1007/978-3-031-13324-4_26},
  url = {https://doi.org/10.1007/978-3-031-13324-4_26}
}

@misc{sharp2024,
  author = {Kayeleigh Sharp and Brooklyn Christofis and Upesh Nepal and Hossein Eslamiat and Carlos Osores Mendives},
  title = {Machine Learning for UAV and Ground-Captured Imagery: Toward Standard Practices},
  year = {2024},
  month = {May},
  doi = {10.5281/zenodo.11105119},
  url = {https://doi.org/10.5281/zenodo.11105119},
  note = {Preprint available on Zenodo}
}

@misc{esri_retinanet,
  author = {{Esri Developer Team}},
  title = {How RetinaNet works?},
  year = {n.d.},
  url = {https://developers.arcgis.com/python/latest/guide/how-retinanet-works/},
  note = {Accessed: 2025-02-05}
}

@inproceedings{wunderlich2023,
  author = {T. Wunderlich and A. Fediuk and B. S. Majchczack and C. Mohr and N. Pickartz and D. Wilken},
  title = {Hyperbola Detection with RetinaNet: Application to New Sites and Scalability},
  booktitle = {Advances in On- and Offshore Archaeological Prospection: Proceedings of the 15th International Conference on Archaeological Prospection},
  editor = {T. Wunderlich and H. Hadler and R. Blankenfeldt},
  pages = {443--447},
  year = {2023},
  publisher = {Universitätsverlag Kiel | Kiel University Publishing},
  doi = {10.38072/978-3-928794-83-1/p91},
  url = {https://doi.org/10.38072/978-3-928794-83-1/p91}
}

@article{xiao2020,
  author = {D. Xiao and X. Liu and B. T. Le and Z. Ji and X. Sun},
  title = {An Ore Image Segmentation Method Based on RDU-Net Model},
  journal = {Sensors},
  volume = {20},
  number = {17},
  pages = {4979},
  year = {2020},
  doi = {10.3390/s20174979},
  url = {https://doi.org/10.3390/s20174979}
}

@inproceedings{paris2008,
  author = {Sylvain Paris and Pierre Kornprobst and Jack Tumblin and Frédo Durand},
  title = {A Gentle Introduction to Bilateral Filtering and Its Applications},
  booktitle = {ACM SIGGRAPH 2008 Classes},
  series = {SIGGRAPH '08},
  year = {2008},
  publisher = {Association for Computing Machinery},
  address = {New York, NY, USA},
  pages = {1--50},
  doi = {10.1145/1401132.1401134},
  url = {https://doi.org/10.1145/1401132.1401134}
}

@article{gupta2023,
  author = {Utkarsh Gupta and Vijitha Periyasamy and Ronny Hofmann and Jaya Prakash and Phaneendra K. Yalavarthy},
  title = {Two-step Morphology-based Denoising and Non-local Means Smoothing Improves Micro-CT Digital Rock Images},
  journal = {Geophysical Prospecting},
  year = {2023},
  doi = {10.1111/1365-2478.13429},
  url = {https://doi.org/10.1111/1365-2478.13429}
}

@misc{adobe_unsharp_masking,
  author = {{Adobe Inc.}},
  title = {Using Unsharp Masking for Sharper Photos},
  year = {n.d.},
  url = {https://www.adobe.com/creativecloud/photography/discover/unsharp-masking.html},
  note = {Accessed: 2025-02-05}
}

@article{zhou2019,
  author = {Jingchun Zhou and Dehuan Zhang and Peiyu Zou and Weidong Zhang},
  title = {Retinex-Based Laplacian Pyramid Method for Image Defogging},
  journal = {IEEE Access},
  volume = {PP},
  year = {2019},
  month = {August},
  doi = {10.1109/ACCESS.2019.2934981},
  url = {https://doi.org/10.1109/ACCESS.2019.2934981}
}

@article{fattal2007,
  author = {Raanan Fattal and Maneesh Agrawala and Szymon Rusinkiewicz},
  title = {Multiscale Shape and Detail Enhancement from Multi-Light Image Collections},
  journal = {ACM Transactions on Graphics},
  volume = {26},
  number = {3},
  pages = {51-es},
  year = {2007},
  month = {July},
  doi = {10.1145/1276377.1276441},
  url = {https://doi.org/10.1145/1276377.1276441}
}

@inproceedings{gairola2020,
  author = {Siddhartha Gairola and Rajvi Shah and P. J. Narayanan},
  title = {Unsupervised Image Style Embeddings for Retrieval and Recognition Tasks},
  booktitle = {2020 IEEE Winter Conference on Applications of Computer Vision (WACV)},
  pages = {3270--3278},
  year = {2020},
  doi = {10.1109/WACV45572.2020.9093421},
  url = {https://doi.org/10.1109/WACV45572.2020.9093421}
}

@inproceedings{guerin2018,
  author = {Joris Guérin and Olivier Gibaru and Stéphane Thiery and Eric Nyiri},
  title = {CNN Features are also Great at Unsupervised Classification},
  booktitle = {Proceedings of the 8th International Conference on Computer Science and Information Technology (CSIT 2018)},
  pages = {83--95},
  year = {2018},
  doi = {10.5121/csit.2018.80308},
  url = {https://doi.org/10.5121/csit.2018.80308}
}

@article{dangeti2024,
  author = {Abhishek Dangeti and Pavan Gajula and Vivek Srivastava and Vikram Jamwal},
  title = {Style-Based Clustering of Visual Artworks},
  journal = {arXiv preprint},
  year = {2024},
  month = {September},
  doi = {10.48550/arXiv.2409.08245},
  url = {https://arxiv.org/abs/2409.08245}
}

@article{parisotto2022,
  author = {Simone Parisotto and Ninetta Leone and Carola-Bibiane Schönlieb and Alessandro Launaro},
  title = {Unsupervised Clustering of Roman Potsherds via Variational Autoencoders},
  journal = {Journal of Archaeological Science},
  volume = {142},
  pages = {105598},
  year = {2022},
  month = {June},
  doi = {10.1016/j.jas.2022.105598},
  url = {https://doi.org/10.1016/j.jas.2022.105598}
}

@article{gultepe2018,
  author = {E. Gultepe and T. E. Conturo and M. Makrehchi},
  title = {Predicting and Grouping Digitized Paintings by Style using Unsupervised Feature Learning},
  journal = {Journal of Cultural Heritage},
  volume = {31},
  pages = {13--23},
  year = {2018},
  doi = {10.1016/j.culher.2017.11.008},
  url = {https://doi.org/10.1016/j.culher.2017.11.008}
}

@inproceedings{li2010,
  author = {Jingxuan Li and Tao Li and Mitsunori Ogihara},
  title = {Hierarchical Co-Clustering of Artists and Tags},
  booktitle = {Proceedings of the 11th International Society for Music Information Retrieval Conference (ISMIR 2010)},
  pages = {249--254},
  year = {2010},
  month = {January}
}

@article{castellano2022,
  author = {Giovanna Castellano and Gennaro Vessio},
  title = {A Deep Learning Approach to Clustering Visual Arts},
  journal = {International Journal of Computer Vision},
  volume = {130},
  pages = {1--16},
  year = {2022},
  month = {August},
  doi = {10.1007/s11263-022-01664-y},
  url = {https://doi.org/10.1007/s11263-022-01664-y}
}

@article{alvarez2021,
    author = {Joshua Alvarez},
    title = {Dstretch, an algorithm adapted from NASA helps us see ancient rock art},
    journal = {Ancient Art Archive},
    year = {2021},
    month = {March},
    url = {https://www.ancientartarchive.org/dstretch/}
}

@article{li2022,
    author = {Li, Q. and Guo, H. and Luo, L. and Wang, X.},
    title = {Automatic Mapping of Karez in Turpan Basin Based on Google Earth Images and the YOLOv5 Model},
    journal = {Remote Sensing},
    volume = {14},
    number = {14},
    pages = {3318},
    year = {2022},
    doi = {10.3390/rs14143318},
    url = {https://doi.org/10.3390/rs14143318}
}

@inproceedings{sidorenko2021,
    author = {Sidorenko, A. and Ponomarev, V. and Ivanov, D.},
    title = {Edge-Preserving Denoising for Archaeological Imagery},
    booktitle = {Proceedings of the International Conference on Image Processing},
    year = {2021},
    pages = {375--380}
}

@article{bai2023,
    author = {Bai, Chuanping and Liu, Yangyang and Zhou, Pengbo and Wang, Xiaofeng and Zhou, Mingquan},
    title = {BEGL: Boundary Enhancement with Gaussian Loss for Rock-Art Image Segmentation},
    journal = {Heritage Science},
    volume = {11},
    pages = {17},
    year = {2023},
    doi = {10.1186/s40494-022-00857-5},
    url = {https://doi.org/10.1186/s40494-022-00857-5}
}

@article{tsigkas2020,
    author = {Tsigkas, Giorgos and Sfikas, Giorgos and Pasialis, Anastasios and Vlachopoulos, Andreas and Nikou, Christophoros},
    title = {Markerless detection of ancient rock carvings in the wild: rock art in Vathy, Astypalaia},
    journal = {Pattern Recognition Letters},
    volume = {135},
    pages = {337-345},
    year = {2020},
    doi = {10.1016/j.patrec.2020.03.026},
    url = {https://doi.org/10.1016/j.patrec.2020.03.026}
}

@inproceedings{davis2021,
    author = {Davis, Dylan S. and Caspari, Gino and Sanger, Matthew C. and Lipo, Carl P.},
    title = {Using deep learning to detect rare archaeological features: A case from coastal South Carolina, USA},
    booktitle = {SEG Technical Program Expanded Abstracts},
    pages = {3265-3269},
    year = {2021},
    doi = {10.1190/segam2021-3574963.1},
    url = {https://doi.org/10.1190/segam2021-3574963.1}
}

@article{horn2022ai,
    author = {Horn, C. and Ivarsson, O. and Lindhé, C. and others},
    title = {Artificial Intelligence, 3D Documentation, and Rock Art - Approaching and Reflecting on the Automation of Identification and Classification of Rock Art Images},
    journal = {Journal of Archaeological Method and Theory},
    volume = {29},
    number = {1},
    pages = {188-213},
    year = {2022},
    doi = {10.1007/s10816-021-09518-6},
    url = {http://dx.doi.org/10.1007/s10816-021-09518-6}
}

@misc{he2017mask,
  title        = {Mask {R-CNN}},
  author       = {He, Kaiming and Gkioxari, Georgia and Doll{\'a}r, Piotr and Girshick, Ross},
  year         = {2017},
  eprint       = {1703.06870},
  archivePrefix= {arXiv},
  primaryClass = {cs.CV},
  note         = {arXiv preprint arXiv:1703.06870}
}

@misc{carion2020end,
  title        = {End-to-End Object Detection with Transformers},
  author       = {Carion, Nicolas and Massa, Francisco and Synnaeve, Gabriel and Usunier, Nicolas and Kirillov, Alexander and Zagoruyko, Sergey},
  year         = {2020},
  eprint       = {2005.12872},
  archivePrefix= {arXiv},
  primaryClass = {cs.CV},
  note         = {arXiv preprint arXiv:2005.12872v3},
  doi          = {10.48550/arXiv.2005.12872}
}

@article{sanakoyeu2018,
    author = {Sanakoyeu, A. and coauthors},
    title = {Structure-aware Image Style Transfer},
    journal = {arXiv preprint arXiv:1803.00067},
    year = {2018}
}

@article{wynen2018,
    author = {Wynen, L. and colleagues},
    title = {Archetypal Analysis for Discovering Painting Styles},
    journal = {arXiv preprint arXiv:1810.12345},
    year = {2018}
}

@article{xue2023,
    author = {Xue, Z. and coauthors},
    title = {A CNN-VAE Framework for Clustering Art Designs by Emotion},
    journal = {IEEE Transactions on Affective Computing},
    year = {2023}
}